\
%papers

@article{PIMCBerne1982,
   author = "Herman, M. F. and Bruskin, E. J. and Berne, B. J.",
   title = "On path integral Monte Carlo simulations",
   journal = "J. Chem. Phys.",
   year = "1982",
   volume = "76",
   number = "10",
   pages = "5150-5155",
   url = 
   "http://scitation.aip.org/content/aip/journal/jcp/76/10/10.1063/1.442815",
   doi = "http://dx.doi.org/10.1063/1.442815"
}

%books
@book{Tuckerman2010,
    author = {Tuckerman, Mark E.},
    title = {Statistical Mechanics: Theory and Molecular Simulation},
    publisher = {Oxford University Press},
    year = {2010},
    address = {Oxford}
}

@book{Feynman2012,
  title={Quantum Mechanics and Path Integrals: Emended Edition},
  author={Feynman, R.P. and Hibbs, A.R.},
  isbn={9780486134635},
  url={http://books.google.com.au/books?id=-jjvxfwcleYC},
  year={2012},
  publisher={Dover Publications, Incorporated}
}

@book{Goldstein2013,
  title={Classical Mechanics},
  author={Goldstein, H. and Poole, C.P. and Safko, J.L.},
  isbn={9781292026558},
  lccn={2001027951},
  url={http://books.google.com.au/books?id=bhVnngEACAAJ},
  year={2013},
  publisher={Pearson Education, Limited}
}

